<record><leader>00000cas a22000007a 4500</leader><controlfield tag="001">15598259</controlfield><controlfield tag="008">870427d18991900msuwr ne      0    0eng d</controlfield><datafield ind1=" " ind2=" " tag="010"><subfield code="a">sn 87065467 </subfield></datafield><datafield ind1=" " ind2=" " tag="040"><subfield code="a">MUM</subfield><subfield code="b">eng</subfield><subfield code="c">MUM</subfield><subfield code="d">MSJ</subfield><subfield code="d">OCLCQ</subfield></datafield><datafield ind1=" " ind2=" " tag="042"><subfield code="a">msc</subfield></datafield><datafield ind1="0" ind2=" " tag="130"><subfield code="a">Lafayette county news (Oxford, Miss. : 1899)</subfield></datafield><datafield ind1="1" ind2="0" tag="245"><subfield code="a">Lafayette county news.</subfield></datafield><datafield ind1=" " ind2=" " tag="260"><subfield code="a">Oxford, Miss. :</subfield><subfield code="b">Barbour and Stone</subfield></datafield><datafield ind1=" " ind2=" " tag="300"><subfield code="a">v.</subfield></datafield><datafield ind1=" " ind2=" " tag="310"><subfield code="a">Weekly</subfield></datafield><datafield ind1="1" ind2=" " tag="362"><subfield code="a">Began in Apr. 1899; ceased in Aug. 1900.</subfield></datafield><datafield ind1=" " ind2=" " tag="515"><subfield code="a">Jan. 3, 1900 issue misdated Jan. 3, 1899.</subfield></datafield><datafield ind1=" " ind2=" " tag="588"><subfield code="a">Description based on: Vol. 1, no. 36 (Jan. 3, [1900]).</subfield></datafield><datafield ind1=" " ind2=" " tag="752"><subfield code="a">United States</subfield><subfield code="b">Mississippi</subfield><subfield code="c">Lafayette</subfield><subfield code="d">Oxford.</subfield></datafield><datafield ind1="0" ind2="4" tag="785"><subfield code="t">Oxford globe (Oxford, Miss.)</subfield><subfield code="w">(OCoLC)16108260</subfield></datafield><datafield ind1="1" ind2=" " tag="029"><subfield code="a">AU@</subfield><subfield code="b">000025788910</subfield></datafield></record>